<?xml version="1.0" encoding="UTF-8"?>
<collection xmlns:xsi="http://www.w3.org/2001/XMLSchema-instance" xsi:schemaLocation="http://www.loc.gov/MARC21/slim http://www.loc.gov/standards/marcxml/schema/MARC21slim.xsd" xmlns="http://www.loc.gov/MARC21/slim">
<record>
  <leader>00870cam a2200241 a 4500</leader>
  <controlfield tag="001">1580337</controlfield>
  <controlfield tag="003">NNC</controlfield>
  <controlfield tag="005">20100113131234.0</controlfield>
  <controlfield tag="008">880330m19271928ua       bd   000 0cara  </controlfield>
  <datafield tag="010" ind1=" " ind2=" ">
    <subfield code="a">ne 68002807 </subfield>
  </datafield>
  <datafield tag="035" ind1=" " ind2=" ">
    <subfield code="a">(OCoLC)ocm17699840</subfield>
  </datafield>
  <datafield tag="035" ind1=" " ind2=" ">
    <subfield code="9">AKH1085CU</subfield>
  </datafield>
  <datafield tag="035" ind1=" " ind2=" ">
    <subfield code="a">(NNC)1580337</subfield>
  </datafield>
  <datafield tag="040" ind1=" " ind2=" ">
    <subfield code="a">DLC</subfield>
    <subfield code="c">DRP</subfield>
    <subfield code="d">ZCU</subfield>
  </datafield>
  <datafield tag="050" ind1=" " ind2=" ">
    <subfield code="a">D198.3</subfield>
    <subfield code="b">.Z518</subfield>
  </datafield>
  <datafield tag="100" ind1="1" ind2=" ">
    <subfield code="a">Ziriklī, Khayr al-Dīn,</subfield>
    <subfield code="d">1893-1976.</subfield>
  </datafield>
  <datafield tag="245" ind1="1" ind2="3">
    <subfield code="a">al-Aʻlām :</subfield>
    <subfield code="b">qāmūs tarājim al-ashʹhar al-rijāl wa-al-nisāʾ min al-ʻArab wa-al-mustashriqīn fī al-jahiliyah wa-al-Islam wa-al-ʻaṣr wa-al-Lāḍir /</subfield>
    <subfield code="c">tāʾlīf Khayr al-Dīn al-Ziriklī.</subfield>
  </datafield>
  <datafield tag="260" ind1=" " ind2=" ">
    <subfield code="a">Miṣr :</subfield>
    <subfield code="b">al-Ṭabʻah al-ʻArabiyah,</subfield>
    <subfield code="c">1927-1928.</subfield>
  </datafield>
  <datafield tag="300" ind1=" " ind2=" ">
    <subfield code="a">3 v. in 1 (1188 p.) ;</subfield>
    <subfield code="c">24 cm.</subfield>
  </datafield>
  <datafield tag="504" ind1=" " ind2=" ">
    <subfield code="a">Includes bibliographical references.</subfield>
  </datafield>
  <datafield tag="651" ind1=" " ind2="0">
    <subfield code="a">Arab countries</subfield>
    <subfield code="v">Biography.</subfield>
  </datafield>
  <datafield tag="650" ind1=" " ind2="0">
    <subfield code="a">Asianists.</subfield>
  </datafield>
  <datafield tag="955" ind1=" " ind2=" ">
    <subfield code="b">CU15013669</subfield>
    <subfield code="d">off,glx</subfield>
    <subfield code="e">D198.3 .Z518</subfield>
    <subfield code="v">v.2</subfield>
  </datafield>
</record>
</collection>